24600000         292034321000125CONTA HEADER EMPRESACONTA HEADER EMPRESANOME DA SUA EMPRESAXXXXXXXXXXXBCO ABC BRASIL                          11102201608524900000104001600                                                      000            
24600011R01  030 2092034321000125CONTA HEADER EMPRESACONTA HEADER EMPRESANOME DA SUA EMPRESAXXXXXXXXXXX                                                                                000000011102201600000000                                 
2460001300001P 01CONTA HEADER EMPRESA50000011000055395673112220000000071467871504201600000000002714400000002N1102201621604201600000000000010000000000000000000000000000000000000000000000000000000000000000000000000071467873001030090000000000 
2460001300002Q 011000002682696023FQF ETCHCNF FQXFCF JK WNCOKCTF          RUA MARCOS NOVELLO 604                  CENTRO         99560000SARANDI        RS0000000000000000                                        000                            
2460001300003Y 0152NUM NOTA FISCAL   VALOR NF    DATA EM.CHAVE DE ACESSO DANFE                       NUM NF 2       VALOR NF 2     DTEM NF2CHAVE DE ACESSODANFE NF2                                                                             
2460001300004P 01CONTA HEADER EMPRESA50000011000055395764112220000000074655921504201600000000003236600000002N1102201621604201600000000000010000000000000000000000000000000000000000000000000000000000000000000000000074655923001030090000000000 
2460001300005Q 011000002682696023FQF ETCHCNF FQXFCF JK WNCOKCTF          RUA MARCOS NOVELLO 604                  CENTRO         99560000SARANDI        RS0000000000000000                                        000                            
2460001300006Y 0152NUM NOTA FISCAL   VALOR NF    DATA EM.CHAVE DE ACESSO DANFE                       NUM NF 2       VALOR NF 2     DTEM NF2CHAVE DE ACESSODANFE NF2                                                                             
2460001300007P 01CONTA HEADER EMPRESA50000011000055395772112220000000074655931504201600000000006473200000002N1102201621604201600000000000010000000000000000000000000000000000000000000000000000000000000000000000000074655933001030090000000000 
2460001300008Q 011000002682696023FQF ETCHCNF FQXFCF JK WNCOKCTF          RUA MARCOS NOVELLO 604                  CENTRO         99560000SARANDI        RS0000000000000000                                        000                            
2460001300009Y 0152NUM NOTA FISCAL   VALOR NF    DATA EM.CHAVE DE ACESSO DANFE                       NUM NF 2       VALOR NF 2     DTEM NF2CHAVE DE ACESSODANFE NF2                                                                             
2460001300010P 01CONTA HEADER EMPRESA50000011000055395780112220000000074655941504201600000000004854900000002N1102201621604201600000000000010000000000000000000000000000000000000000000000000000000000000000000000000074655943001030090000000000 
2460001300011Q 011000002682696023FQF ETCHCNF FQXFCF JK WNCOKCTF          RUA MARCOS NOVELLO 604                  CENTRO         99560000SARANDI        RS0000000000000000                                        000                            
2460001300012Y 0152NUM NOTA FISCAL   VALOR NF    DATA EM.CHAVE DE ACESSO DANFE                       NUM NF 2       VALOR NF 2     DTEM NF2CHAVE DE ACESSODANFE NF2                                                                             
2460001300013P 01CONTA HEADER EMPRESA50000011000055395723112220000000071467371504201600000000006723600000002N1102201621604201600000000000010000000000000000000000000000000000000000000000000000000000000000000000000071467373001030090000000000 
2460001300014Q 011000003143741082VMKMDC BLKQQSDK VM IKGTM                RODOVIA BR 285 SN                       INTERIOR       99180000MATO CASTELHANORS0000000000000000                                        000                            
2460001300015Y 0152NUM NOTA FISCAL   VALOR NF    DATA EM.CHAVE DE ACESSO DANFE                       NUM NF 2       VALOR NF 2     DTEM NF2CHAVE DE ACESSODANFE NF2                                                                             
2460001300016P 01CONTA HEADER EMPRESA50000011000055395756112220000000074655961504201600000000003236600000002N1102201621604201600000000000010000000000000000000000000000000000000000000000000000000000000000000000000074655963001030090000000000 
2460001300017Q 011000003143741082VMKMDC BLKQQSDK VM IKGTM                RODOVIA BR 285 SN                       INTERIOR       99180000MATO CASTELHANORS0000000000000000                                        000                            
2460001300018Y 0152NUM NOTA FISCAL   VALOR NF    DATA EM.CHAVE DE ACESSO DANFE                       NUM NF 2       VALOR NF 2     DTEM NF2CHAVE DE ACESSODANFE NF2                                                                             
2460001300019P 01CONTA HEADER EMPRESA50000011000055395731112220000000071690681504201600000000003361800000002N1102201621604201600000000000010000000000000000000000000000000000000000000000000000000000000000000000000071690683001030090000000000 
2460001300020Q 011000003438018098EOWOM SDCCNX DMZLMOX                    RUA PINTO ROCHA 128                     SÃO LUIZ GONZAG99054250PASSO FUNDO    RS0000000000000000                                        000                            
2460001300021Y 0152NUM NOTA FISCAL   VALOR NF    DATA EM.CHAVE DE ACESSO DANFE                       NUM NF 2       VALOR NF 2     DTEM NF2CHAVE DE ACESSODANFE NF2                                                                             
2460001300022P 01CONTA HEADER EMPRESA50000011000055395798112220000000074655971504201600000000003236600000002N1102201621604201600000000000010000000000000000000000000000000000000000000000000000000000000000000000000074655973001030090000000000 
2460001300023Q 011000003438018098EOWOM SDCCNX DMZLMOX                    RUA PINTO ROCHA 128                     SÃO LUIZ GONZAG99054250PASSO FUNDO    RS0000000000000000                                        000                            
2460001300024Y 0152NUM NOTA FISCAL   VALOR NF    DATA EM.CHAVE DE ACESSO DANFE                       NUM NF 2       VALOR NF 2     DTEM NF2CHAVE DE ACESSODANFE NF2                                                                             
2460001300025P 01CONTA HEADER EMPRESA50000011000055395749112220000000071653121504201600000000006723600000002N1102201621604201600000000000010000000000000000000000000000000000000000000000000000000000000000000000000071653123001030090000000000 
2460001300026Q 011000004029638066VMOM VMI DCTCI                          RUA BERNARDO GRIEBELER 397              SÃO JOÃO       95780000MONTENEGRO     RS0000000000000000                                        000                            
2460001300027Y 0152NUM NOTA FISCAL   VALOR NF    DATA EM.CHAVE DE ACESSO DANFE                       NUM NF 2       VALOR NF 2     DTEM NF2CHAVE DE ACESSODANFE NF2                                                                             
2460001300028P 01CONTA HEADER EMPRESA50000011000055395806112220000000074655981504201600000000003236600000002N1102201621604201600000000000010000000000000000000000000000000000000000000000000000000000000000000000000074655983001030090000000000 
2460001300029Q 011000004029638066VMOM VMI DCTCI                          RUA BERNARDO GRIEBELER 397              SÃO JOÃO       95780000MONTENEGRO     RS0000000000000000                                        000                            
2460001300030Y 0152NUM NOTA FISCAL   VALOR NF    DATA EM.CHAVE DE ACESSO DANFE                       NUM NF 2       VALOR NF 2     DTEM NF2CHAVE DE ACESSODANFE NF2                                                                             
24600015         00003200000000000000000000000000000000000000000000000000000000000000000000000000000000000000000000                                                                                                                             
24699999         000001000023000000                                                                                                                                                                                                             
